@unpublished{functionalnavigation,
  author = {Scientific Systems Company},
  title = {Project ``functionalnavigation'' on Google Code.},
  note = {\begin{footnotesize}\url{http://code.google.com/p/functionalnavigation/}\end{footnotesize}}}

@article{SIFT,
    author = {David G. Lowe},
    title = {Distinctive Image Features from Scale-Invariant Keypoints},
    journal = {International Journal of Computer Vision},
    year = {2004},
    volume = {60},
    pages = {91--110}}

@article{Lewis1995,
  author = {J. P. Lewis},
  title = {Fast normalized cross-correlation},
  text = {J. P. Lewis. Fast normalized cross-correlation},
  journal = {Vision Interface},
  year = {1995}}

@inproceedings{Lucas1981,
  author = {B. D. Lucas and T. Kanade},
  title = {An Iterative Image Registration Technique with an Application to Stereo Vision},
  booktitle = {7th International Joint Conference on Artificial Intelligence},
  year = {1981}}

@article{OlsonGraph2006,
  author = {Edwin Olson and John Leonard and Seth Teller},
  title = {Fast Iterative Optimization of Pose Graphs with Poor Initial Estimates},
  journal = {ICRA},
  institution = {MIT CSAIL},
  year = {2006},
  pages = {2262-2269}}

@misc{JamesDonna,
  author = {James Donna},
  title = {Personal conversations at the \protect{Charles Stark Draper Laboratory}},
  year = {2004}}

@misc{LIDAR,
  title = {\protect{Description of LIDAR Technology}},
  url = {http://www.aeromap.com/lidar.htm}}

@misc{Weisstein,
  author = {Weisstein, Eric W.},
  title = {\protect{Eric Weisstein's World of Mathematics}},
  url = {http://mathworld.wolfram.com}}

@book{MatlabImageDocs,
  title = {Image Processing Toolbox User's Guide},
  author = {\protect{MATLAB}},
  publisher = {The MathWorks, Inc.},
  edition = {5},
  url = {http://www.mathworks.com}}

@book{MatlabMappingDocs,
  title = {Mapping Toolbox User's Guide},
  author = {\protect{MATLAB}},
  publisher = {The MathWorks, Inc.},
  edition = {2},
  url = {http://www.mathworks.com},
  year = {2004}}

@manual{LN200,
  title = {Product Description of the \protect{LN-200} Family},
  organization = {Litton Guidance and Control Systems},
  month = {September},
  note = {\protect{Document No. 208961}},
  year = {1996}}

@manual{WGS84,
  title = {Department of Defense World Geodetic System},
  organization = {U.S. National Imagery and Mapping Agency},
  edition = {3},
  month = {January},
  note = {\protect{TR8350.2}},
  year = {2000}}

@manual{WGS84I,
  title = {WGS84 Implementation Manual},
  organization = {EUROCONTROL and IfEN},
  edition = {2.4},
  month = {February},
  year = {1998}}

@inproceedings{Chakravarty2006,
  title = {Including Vision Information in a \protect{GPS/INS} Fusion Filter},
  author = {Rajtilok Chakravarty and David F. Chichka},
  booktitle = {AIAA Guidance, Navigation, and Control Conference and Exhibit},
  month = {August},
  address = {Keystone, Colorado},
  year = {2006}}

@article{Domke2005,
  author = {J. Domke and Y. Aloimonos},
  title = {A Probabilistic Framework for Correspondence and Egomotion},
  journal = {ICCV Workshop on Dynamic Vision},
  year = {2005}}  

@inproceedings{Diel2005,
  title = {Epipolar Constraints for Vision-Aided Inertial Navigation},
  author = {David D. Diel and Paul DeBitetto and Seth Teller},
  booktitle = {IEEE Workshop on Motion and Video Computing},
  pages = {221--228},
  month = {January},
  year = {2005}}

@article{Zhao2005,
  title = {Discrete Nonlinear Observers for Inertial Navigation},
  author = {Yong Zhao and J.J.E. Slotine},
  journal = {Systems and Control Letters},
  volume = {54},
  number = {6},
  year = {2005}}

@article{Babu2005a,
  author = {Ravindra Babu and Jinling Wang},
  title = {Analysis of \protect{INS}-derived Doppler effects on carrier tracking loop},
  journal = {The Journal of Navigation},
  volume = {58},
  edition = {3},
  pages = {1--15},
  year = {2005}}

@article{Babu2005b,
  author = {Ravindra Babu and Jinling Wang},
  title = {Ultra-tight \protect{GPS/INS/PL} integration: Kalman filter performance analysis},
  journal = {International Symposium on \protect{GPS/GNSS}},
  address = {Hong Kong},
  month = {December},
  year = {2005}}

@article{Babu2005c,
  author = {Ravindra Babu and Jinling Wang},
  title = {Comparative study of interpolation techniques for ultra-tight integration of \protect{GPS/INS/PL} sensors},
  journal = {Journal of \protect{GPS}},
  volume = {4},
  pages = {192--200},
  year = {2005}}

@article{Makadia2005,
  title = {Correspondenceless Ego-Motion Estimation Using an \protect{IMU}},
  author = {Ameesh Makadia and Kostas Daniilidis},
  journal = {To appear in IEEE International Conference on Robotics and Automation},
  month = {April},
  year = {2005}}

@article{Eustice2004,
  title = {Visually Augmented Navigation in an Unstructured Environment Using a Delayed State History},
  author = {Ryan Eustice and Oscar Pizarro and Hanumant Singh},
  journal = {International Conference on Robotics and Automation},
  month = {April},
  annote = {Using the epipolar imaging constraint to narrow the search region for feature correspondence.},
  year = {2004}}

@article{Alenya2004,
  author = {G. Aleny\`{a} and E. Martínez and C. Torras},
  title = {Fusing Visual and Inertial Sensing to Recover Robot Egomotion},
  journal = {Journal of Robotic Systems},
  volume = {21},
  pages = {23--32},
  annote = {Shows how to get 3D pose information from contour deformation. Uses B-Splines. Fast implementation.},
  year = {2004}}

@article{Babu2004,
  author = {Ravindra Babu},
  title = {Mitigating the correlations in \protect{INS}-aided \protect{GPS} tracking loop measurements: A Kalman filter based approach},
  journal = {17th International Technical Meeting of the Satellite Division of the U.S. Institute of Navigation},
  pages = {1566--1574},
  address = {Long Beach, California},
  month = {September},
  year = {2004}}

@article{Lowe2004,
  author = {David G. Lowe},
  title = {Distinctive Image Features from Scale-Invariant Keypoints},
  journal = {International Journal of Computer Vision},
  month = {January},
  annote = {SIFT algorithm to create feature descriptor space, which allows highly selective database matching to similar features.},
  year = {2004}}

@phdthesis{Bosse2004thesis,
  author = {Michael Carsten Bosse},
  title = {ATLAS: A Framework for Large Scale Automated Mapping and Localization},
  school = {Massachusetts Institute of Technology},
  month = {February},
  annote = {Breaks the SLAM problem into local frames for computational management. Demonstrates mapping ability on multi-sensor platform in a planar environment.},
  year = {2004}}

@inproceedings{Foxlin2003,
  author = {Eric Foxlin and Leonid Naimark},
  title = {VIS-Tracker: A wearable vision-inertial self-tracker},
  booktile = {IEEE Virtual Reality},
  month = {March},
  pages = {199--206},
  year = {2003}}

@inproceedings{Micusik2003,
  author = {Branislav Mi\v{c}u\v{s}\'{i}k and Tom\'{a}\v{s} Pajdla},
  title = {Estimation of Omnidirectional Camera Model from Epipolar Geometry},
  booktitle = {IEEE Computer Vision and Pattern Recognition},
  volume = {1},
  month = {June},
  pages = {I485--I490},
  annote = {Autocalibration and essential matrix determination for a Nikon fisheye lens.},
  year = {2003}}

@inproceedings{Bosse2003,
  author = {M. Bosse and P. Newman and J. Leonard and M. Soika and W. Feiten and S. Teller},
  title = {An \protect{Atlas} Framework for Scalable Mapping},
  booktitle = {International Conference on Robotics and Automation},
  volume = {2},
  month = {September},
  pages = {1899--1906},
  annote = {They do SLAM/CML by breaking the problem into local coordinate systems, which reduces the complexity and allows loop closing.},
  year = {2003}}

@inproceedings{Lucchese2003,
  author = {Luca Lucchese},
  title = {Estimating the Pose and Focal Length of a Camera from the Perspective Projection of a Planar Calibration Plate},
  booktitle = {Fifth IASTED International Conference on Signal and Image Processing},
  month = {August},
  address = {Honolulu, Hawaii},
  pages = {201--206},
  year = {2003}}

@article{Port2003,
  author = {Otis Port},
  title = {Super-Radar Done Dirt Cheap},
  journal = {Business Week},
  month = {October 20},
  pages = {137--138},
  annote = {Presents navigation in an EM-rich environment, including cell-phone towers and other fixed transmitters.
  Gives an overview of applications and corporate players.},
  year = {2003}}

@inproceedings{Davison2003,
  author = {Andrew J. Davison},
  title = {Real-Time Simultaneous Localisation and Mapping with a Single Camera},
  booktitle = {International Conference on Computer Vision},
  address = {Nice, France},
  month = {October},
  annote = {Solves real-time SLAM for sparse features, given 6 completely known features in the world.},
  year = {2003}}

@inproceedings{Neumann2003eye,
  author = {Jan Neumann and Cornelia Ferm{\"u}ller and Yiannis Aloimonos},
  title = {Eye Design in the Plenoptic Space of Light Rays},
  booktitle = {Ninth IEEE International Conference on Computer Vision},
  month = {October},
  pages = {1160--1167},
  annote = {Biological and technical explanation of how to design a camera for sampling light rays. Task performance is
           a better measure of camera design than image fidelity. Cameras are sampling operators in the space of light rays.},
  year = {2003}}

@inproceedings{Neumann2003camera,
  author = {Jan Neumann and Cornelia Ferm{\"u}ller and Yiannis Aloimonos},
  title = {Polydioptric Camera Design and \protect{3D} Motion Estimation},
  booktitle = {IEEE Conference on Computer Vision and Pattern Recognition},
  volume = {II},
  pages = {294–-301},
  month = {June},
  annote = {Theoretical camera design to capture light rays for SFM. Shows that optimal sensor involves
  multiple spherical cameras.},
  year = {2003}}

@PHDTHESIS{Huster2003,
  author = {Andreas Huster},
  title = {Relative Position Sensing by Fusing Monocular Vision and Inertial Rate Sensors},
  school = {Stanford University},
  month = {July},
  annote = {Good use of EKF and Unscented Transform (UT) to position a robot arm relative to a single world feature.
  Demonstrates convergence in a cup grasping example.},
  year = {2003}}

@inproceedings{Alban2003,
  author = {Santiago Alban and Dennis M. Akos and Stephen M. Rock and Demoz Gebre-Egziabher},
  title = {Performance Analysis and Architectures for INS-Aided GPS Tracking Loops},
  booktitle = {Proceedings of Institute of Navigation's National Technical Meeting},
  institution = {Department of Aeronautics and Astronautics, Stanford University},
  address = {Anaheim, CA},
  month = {January},
  year = {2003}}

@inproceedings{Mikolajczyk2003,
  author = {K. Mikolajczyk and C. Schmid},
  title = {A Performance Evaluation of Local Descriptors},
  booktitle = {IEEE Conference on Computer Vision and Pattern Recognition},
  volume = {II},
  month = {June},
  pages = {257--263},
  annote = {Comparison of SIFT, Gabor, invariants, moments, and cross-correlation for detection rate and false positives. SIFT prevails.},
  year = {2003}}

@inproceedings{Narasimhan2003,
  author = {S. G. Narasimhan and S. K. Nayar},
  title = {Contrast Restoration of Weather Degraded Images},
  booktitle = {IEEE Transactions on Pattern Analysis and Machine Intelligence},
  volume = {25},
  number = {6},
  month = {June},
  year = {2003}}

@inproceedings{Montemerlo2003,
  author = {M. Montemerlo and S. Thrun},
  title = {Simultaneous Localization and Mapping with Unknown Data Association using \protect{FastSLAM}},
  booktitle = {IEEE International Conference on Robotics and Automation},
  volume = {2},
  month = {September},
  pages = {1985--1991},
  annote = {Particle filter to tackle SLAM with logarithmic scaling in computation},
  year = {2003}}

@article{Lu2002,
  author = {Chien-Ping Lu and Gregory D. Hager and Eric Mjolsness},
  title = {Fast and Globally Convergent Pose Estimation from Video Images},
  journal = {IEEE Transactions on Pattern Analysis and Machine Intelligence},
  volume = {22},
  number = {6},
  pages = {610--622},
  annote = {SFM as a least squares problem in reprojection error (image space error) in video.},
  year = {2002}}

@inproceedings{Ansar2002,
  author = {Adnan Ansar and Kostas Daniilidis},
  title = {Linear Pose Etimation from Points or Lines},
  booktitle = {European Converence on Computer Vision},
  pages = {282--296},
  annote = {JPL report on estimating camera pose from point and line correspondences.},
  year = {2002}}

@inproceedings{Bakstein2002,
  author = {H. Bakstein and T. Pajdla},
  title = {Panoramic Mosaicing with a $180^{\circ}$ Field of View Lens},
  booktitle = {Third Workshop on Omnidirectional Vision},
  month = {June},
  pages = {60--67},
  annote = {Shows how to calibrate a fisheye adapter lens, and then uses it for mosaicing.},
  year = {2002}}

@conference{Anderson2002,
  author = {R. Anderson and N. Barbour and J. Connelly and D. Hanson and A. Kourepenis and J. Sitomer and P. Ward},
  month = {October 14-16},
  title = {Evolution of Low-Cost \protect{MEMS} Inertial Sensors},
  booktitle = {Emerging Military Capabilities Enabled by Advances in Navigation Sensors},
  address = {Istanbul, Turkey},
  organization = {NATO},
  year = {2002}}

@article{Antone2002,
  author = {Matthew Antone and Seth Teller},
  title = {Scalable Extrinsic Calibration of Omni-Directional Image Networks},
  journal = {International Journal of Computer Vision},
  volume = {49},
  number = {2--3},
  pages = {143--174},
  month = {September--October},
  annote = {Recovers positions and orientations of camera hemispheres in the City Scan project. Expectation Maximization approach.},
  year = {2002}}

@inproceedings{Brady2002,
  author = {Tye M. Brady and Clemens E. Tillier and Robert A. Brown and Antonio R. Jimenez and Anthony S. Kourepenis},
  title = {The Inertial Stellar Compass: A New Direction in Spacecraft Attitude Determination},
  booktitle = {16th Annual \protect{AIAA/USU} Conference on Small Satellites},
  address = {Logan, Utah},
  month = {August},
  year = {2002}}

@inproceedings{Davison2002,
  author = {Andrew J. Davison},
  title = {\protect{SLAM} with a Single Camera},
  booktitle = {\protect{SLAM/CML} Workshop at International Conference on Robotics and Automation},
  annote = {Basic camera and motion models for monocular SLAM. Few results.},
  year = {2002}}

@inproceedings{Strelow2002,
  author = {Dennis Strelow and Sanjiv Singh},
  title = {Optimal Motion Estimation from Visual and Inertial Measurements},
  journal = {CACV},
  booktitle = {Workshop on Applications of Computer Vision},
  address = {Orlando},
  month = {December},
  year = {2002}}

@misc{Diel2002,
  author = {David D. Diel},
  title = {Improving Image Compression Through Euclidian Stabilization},
  month = {December},
  journal = {Draper Laboratory internal memo},
  url = {http://web.mit.edu/ddiel/www},
  year = {2002}}

@inproceedings{Bosse2002,
  author = {M. Bosse and R. Rikoski and J. Leonard and S. Teller},
  title = {Vanishing Points and \protect{3D} Lines from Omnidirectional Video},
  booktitle = {International Conference on Image Processing},
  volume = {3},
  pages = {513--516},
  month = {June},
  annote = {They use straight visual lines for rotation correction through vanishing points,
  and translation correction through SLAM. Theme and discussion place the work between navigation and SFM.},
  year = {2002}}

@article{Chiuso2002,
  title = {Structure From Motion Causally Integrated Over Time},
  author = {A. Chiuso and P. Favaro and Hailin Jin and S. Soatto},
  journal = {IEEE Transactions on Pattern Analysis and Machine Intelligence},
  volume = {24},
  number = {4},
  month = {April},
  pages = {523--535},
  annote = {Discusses and proves details of a stable filter for classical SFM.
  However, it is assumed that the correspondence problem has been solved a priori.
  Also, explains why scale must be included in a minimal world model.},
  year = {2002}}

@article{Leonard2002,
  author = {John J. Leonard and Richard J. Rikoski and Paul M. Newman and Michael Bosse},
  title = {Mapping Partially Observable Features from Multiple Uncertain Vantage Points},
  journal = {International Journal of Robotics Research},
  volume = {21},
  pages = {943--975},
  annote = {Planar Concurrent Mapping and Localization (CML), incorporating feature positions and old body positions in the state vector.},
  year = {2002}}

@misc{Mangoubi2002,
  author = {Rami Mangoubi},
  title = {Design and Performance Analysis of a Target Geolocation Filter for Autonomous Vehicles},
  howpublished = {Draper Laboratory internal memo},
  year = {2002}}

@inproceedings{Roumeliotis2002,
  author = {S. I. Roumeliotis and A. E. Johnson and J. F. Montgomery},
  title = {Augmenting Inertial Navigation With Image-Based Motion Estimation},
  booktitle = {IEEE International Conference on Robotics and Automation},
  volume = {4},
  month = {May},
  pages = {4326--4333},
  annote = {JPL study on visual-aided inertial systems for planetary landing. EKF approach with a single depth known from a laser ranger. Gantry simulation.},
  year = {2002}}

@article{Scharstein2002,
  author = {D. Scharstein and R. Szeliski},
  title = {A Taxonomy and Evaluation of Dense Two-Frame Stereo Correspondence Algorithms},
  journal = {International Journal of Computer Vision},
  volume = {47},
  pages = {7--42},
  month = {April--June},
  year = {2002}}

@article{Martin2001,
  author = {D. Martin and C. Fowlkes and D. Tal and J. Malik},
  title = {A Database of Human Segmented Natural Images and its Application to Evaluating Segmentation Algorithms and
  Measuring Ecological Statistics},
  journal = {International Conference on Computer Vision},
  address = {Vancouver},
  month = {July},
  year = {2001}}

@article{Chiuso2002,
  title = {Structure From Motion Causally Integrated Over Time},
  author = {A. Chiuso and P. Favaro and Hailin Jin and S. Soatto},
  journal = {IEEE Transactions on Pattern Analysis and Machine Intelligence},
  volume = {24},
  number = {4},
  month = {April},
  pages = {523--535},
  annote = {Discusses and proves details of a stable filter for classical SFM.
  However, it is assumed that the correspondence problem has been solved a priori.
  Also, explains why scale must be included in a minimal world model.},
  year = {2002}}

@article{Mortari2001,
  author = {D. Mortari, J. Junkins, M. Samaan},
  title = {Lost-in-Space Pyramid Algorithm for Robust Star Pattern Recognition},
  journal = {24th Annual AAS Guidance and Control Conference},
  address = {Breckenridge, CO},
  month = {January},
  year = {2001}}

@article{Qian2001,
  author = {G. Qian and R. Chellappa and Q. Zheng},
  title = {Robust Structure from Motion Estimation Using Inertial Data},
  journal = {Journal of the Optical Society of America},
  volume = {18},
  pages = {2982--2997},
  annote = {Tracking and inertial data are put into EKF followed by SFM.
  Comparison to Pentland approach, but with gyros included, resulting in much better performance.},
  year = {2001}}

@techreport{Pasman2001,
  author = {W. Pasman and S. Zlatanova and S. Persa and J. Caarls},
  title = {Alternatives for Optical Tracking},
  institution = {Delft University of Technology, UbiCom Program},
  month = {May},
  annote = {Discussion of feature trackers to be used for reducing inertial drift. Also discussion on absolute versus relative tracking.},
  year = {2001}}

@inproceedings{Aliaga2001,
  author = {Daniel G. Aliaga and Ingrid Carlbom},
  title = {Plenoptic Stitching: A Scalable Method for Reconstructing \protect{3D} Interactive Walk Throughs},
  booktitle = {Proceedings of the 28th Annual Conference on Computer Graphics and Interactive Techniques},
  publisher = {ACM Press},
  pages = {443--450},
  year = {2001}}

@phdthesis{Antone2001,
  author = {Matthew E. Antone},
  title = {Robust Camera Pose Recovery Using Stochastic Geometry},
  school = {Massachusetts Institute of Technology},
  month = {February},
  annote = {Quality treatment of epipolar geometry. Stochastic feature correspondences in Hough space are robust but computationally intensive.},
  year = {2001}}

@article{Slotine2001,
  author = {Jean-Jaques E. Slotine and Winfred Lohmiller},
  title = {Modularity, Evolution, and the Binding Problem: A View from Stability Theory},
  journal = {Neural Networks},
  volume = {14},
  number = {2},
  month = {February},
  year = {2001}}

@article{Jung2001,
  author = {S.H. Jung and C.J. Taylor},
  title = {Camera trajectory estimation using inertial sensor measurements and structure from motion results},
  journal = {IEEE Computer Vision and Pattern Recognition},
  pages = {732--737},
  year = {2001}}

@book{Grewal2001,
  author = {M.S. Grewal and L.R. Weill and A.P. Andrews},
  title = {Global Positioning Systems, Inertial Navigation, and Integration},
  publisher = {Wiley, Inc},
  year = {2001}}

@article{Ma2001,
  author = {Yi Ma and R. Vidal and S. Hsu and S. Sastry},
  title = {Optimal Motion Estimation from Multiple Images by Normalized Epipolar Constraint},
  journal = {Communications in Information and Systems},
  publisher = {International Press},
  volume = {1},
  number = {1},
  pages = {51--74},
  month = {January},
  year = {2001}}

@inproceedings{Triggs2000,
  author = {Bill Triggs and P. McLauchlan and Richard Hartley and A. Fitzgibbon},
  title = {Bundle Adjustment -- A Modern Synthesis},
  booktitle = {Vision Algorithms: Theory and Practice},
  volume = {1883},
  pages = {298--372},
  publisher = {Springer-Verlag},
  year = {2000}}

@mastersthesis{Corbell2000,
  author = {Phillip Martin Corbell},
  title = {Design and Validation of an Accurate \protect{GPS} Signal and Receiver Truth Model for Comparing Advanced
  Receiver Processing Techniques},
  school = {Air Force University of Technology},
  month = {March},
  year = {2000}}

@ARTICLE{Kawasaki2000,
  author = {H. Kawasaki and K. Ikeuchi and M. Sakauchi},
  title = {\protect{EPI} Analysis of Omni-Camera Image},
  journal = {15th International Conference on Pattern Recognition},
  month = {September},
  volume = {1},
  pages = {379--383},
  annote = {They define an omni-epipolar image (EPI). Epipolar volumes constructed to extract
  planar translation of the parabolic camera. One experiment on linear translation.},
  year = {2000}}

@book{Duda2000,
  author = {Richard O. Duda and Peter E. Hart and David G. Stork},
  title = {Pattern Classification},
  edition = {2},
  publisher = {Wiley-Interscience},
  annote = {Classic text on probability and pattern classification. Applications to imaging science.},
  year = {2000}}

@inproceedings{Chiuso2000,
  author = {A. Chiuso and H. Jin and P. Favaro and S. Soatto},
  title = {\protect{3-D} Motion and Structure from \protect{2-D} Motion Causally Integrated Over Time: Implementation},
  booktitle = {Sixth European Conference on Computer Vision},
  pages = {734--750},
  annote = {Presents implementation of a stable filter for classical SFM.},
  year = {2000}}

@article{Lohmiller2000,
  author = {Winfred Lohmiller and Jean-Jaques E. Slotine},
  title = {Nonlinear Process Control Using Contraction Theory},
  journal = {Journal of American Institute of Chemical Engineers},
  month = {March},
  year = {2000}}

@article{VanDerWal2000,
  author = {Gooitzen van der Wal and Mike Hansen and Mike Piacentino},
  title = {The \protect{Acadia} Vision Processor},
  journal = {International Workshop on Computer Architectures for Machine Perception},
  year = {2000}}

@phdthesis{Davison1999,
  author = {Andrew J. Davison},
  title = {Mobile Robot Navigation Using Active Vision},
  school = {University of Oxford},
  month = {October},
  annote = {Extensive SLAM map building, with attempts to close loops visually.},
  year = {1999}}

@inproceedings{Irani1999,
  author = {Michal Irani and P. Anandan and Meir Cohen},
  title = {Direct Recovery of Planar-Parallax from Multiple Frames},
  booktitle = {Workshop on Vision Algorithms},
  pages = {85-99},
  year = {1999}}

@inproceedings{Mandlebaum1999,
  author = {R. Mandlebaum and G. Salgian and H. Sawhney},
  booktitle = {International Conference on Computer Vision},
  title = {Correlation-Based Estimation of Ego-motion and Structure from Motion and Stereo},
  month = {September},
  address = {Kerkyra, Greece},
  annote = {Multiresolution quadratic patch tracking for Anandan-like tracking and depth estimation.
  Hardware implementation by Sarnoff Corporation.},
  year = {1999}}

@misc{Johnstone1999,
  author = {J.K. Johnstone and J.P. Williams},
  title = {A rational quaternion spline of arbitrary continuity},
  url = {http://www.cis.uab.edu/jj/gallery},
  year = {1999}}

@article{Thrun1998,
  author = {Sebastian Thrun and Wolfram Burgard and Dieter Fox},
  title = {A Probabilistic Approach to Concurrent Mapping and Localization for Mobile Robots},
  journal = {Machine Learning and Autonomous Robots (joint issue)},
  volume = {31},
  number = {5},
  pages = {1--25},
  annote = {Particle-based SLAM to account for nonlinear uncertainties and measurements, mostly in the 3DOF plane.},
  year = {1998}}

@article{King1998,
  author = {A. D. King},
  title = {Inertial Navigation---Forty Years of Evolution},
  journal = {General Electric Company Review},
  volume = {13},
  number = {3},
  annote = {Overview of inertial navigation. Sensors and concepts, including the Schuler loop, and the difference between
  floated and strapdown systems.},
  year = {1998}}

@article{Panerai1998,
  author = {F. Panerai and G. Sandini},
  title = {Oculo-Motor Stabilization Reflexes: Integration of Inertial and Visual Information},
  journal = {Neural Networks, Special Issue on Neural Control and Robotics},
  volume = {11},
  number = {7/8},
  pages = {1191--1204},
  annote = {They stabilize images using gyros. },
  year = {1998}}

@inproceedings{Chiuso1998,
  author = {A. Chiuso and G. Picci},
  title = {A Wide-Sense Estimation Theory on the Unit Sphere},
  booktitle = {IEEE 37th Conference on Decision and Control},
  address = {Tampa, Florida},
  month = {December},
  pages = {3743--9754},
  annote = {Defines spherical Langevin distribution, and gives equations for the evloution of the distribution
  as new measurements are taken.},
  year = {1998}}

@article{Thompson1998,
  author = {Richard B. Thompson},
  title = {Designing a Baseball Cover},
  journal = {The College Mathematics Journal},
  volume = {29},
  number = {1},
  month = {January},
  pages = {48--61},
  annote = {Baseball cover design by starting with an undersized solid mesh, and exploding it to the surface of a sphere.},
  year = {1998}}

@inproceedings{Ma1998,
  author = {Yi Ma and Jana Ko\`{s}eck\'{a} and Shankar Sastry},
  title = {Motion Recovery From Image Sequences: Discrete Viewpoint vs. Differential Viewpoint},
  booktitle = {European Conference on Computer Vision},
  address = {Freiburg, Germany},
  annote = {Discrete and differential treatment of the essential matrix constraint to estimate ego-motion with images only.},
  year = {1998}}

@article{Julier1997,
  author = {Simon J. Julier and Jeffrey K. Uhlmann},
  title = {A New Extension of the Kalman Filter to Nonlinear Systems},
  journal = {SPIE AeroSense Symposium},
  month = {April},
  address = {Orlando, FL},
  annote = {The Extended Kalman Filter (EKF) applied by taking an Unscented Transform (UT).},
  year = {1997}}

@techreport{Ramamoorthi1997,
  author = {Ravi Ramamoorthi and Cindy Ball and Alan H. Barr},
  title = {Dynamic Splines with Constraints for Animation},
  number = {\protect{1997.cs-tr-97-03}},
  pages = {13},
  year = {1997}}

@book{Srinivasan1997,
  author = {M.V. Srinivasan and S. Venkatesh},
  title = {From Living Eyes to Seeing Machines},
  publisher = {Oxford University Press, U.K.},
  year = {1997}}

@book{Smith1997,
  author = {Steven W. Smith},
  title = {The Scientist and Engineer's Guide to Digital Signal Processing},
  publisher = {California Technical Publishing},
  address = {San Diego, CA},
  isbn = {0-9660176-3-3},
  year = {1997}}

@inproceedings{Dahmen1997,
  author = {Hansj{\"u}rgen Dahmen and Raimond M. W{\"u}st and Jochen Zeil},
  editor = {Venkatesh S, Srinivasan},
  title = {Extracting Egomotion Parameters from Optic Flow: Principal Limits for Animals and Machines},
  booktitle = {From Living Eyes to Seeing Machines},
  pages = {174--198},
  publisher = {Oxford Univesity Press},
  year = {1997}}

@article{Mann1997,
  author = {S. Mann and R. Picard},
  title = {Video orbits of the projective group: A simple approach to featureless
  estimation of parameters},
  journal = {IEEE Trans. on Image Processing},
  volume = {6},
  number = {9},
  pages = {115},
  year = {1997}}

@inproceedings{Bascle1996,
    author = {B. Bascle and Andrew Blake and Andrew Zisserman},
    title = {Motion Deblurring and Super-resolution from an Image Sequence},
    booktitle = {European Conference on Computer Vision},
    volume = {2},
    pages = {573--582},
    year = {1996}}

@book{Bruce1996,
  author = {Vicki Bruce and Patrick R. Green and Mark A Georgeson},
  title = {Visual Perception: Physiology, Psychology, and Ecology},
  edition = {3},
  pages = {43--204},
  publisher = {Psychology Press},
  address = {Erlbaum (UK)},
  annote = {Discusses fundamentals of light, photoreceptors, salience,
  laws of 2D shape and 3D structure recognition, and qualitative applications to control.},
  year = {1996}}

@article{Soatto1996,
  author = {S. Soatto and R. Frezza and P. Perona},
  title = {Motion Estimation via Dynamic Vision},
  journal = {IEEE Transactions on Automatic Control},
  volume = {41},
  number = {3},
  month = {March},
  pages = {393--413},
  annote = {Excellent use of the essential matrix as a constraint in the EKF to estimate the motion of a visual object, such as a missile.},
  year = {1996}}

@article{Nayar1996,
  author = {Shree K. Nayar and Masahiro Watanabe and Minori Noguchi},
  title = {Real-Time Focus Range Sensor},
  journal = {IEEE Transactions on Pattern Analysis and Machine Intelligence},
  volume = {18},
  number = {12},
  pages = {1186--1198},
  year = {1996}}

@book{Parkinson1996,
  author = {Bradford W. Parkinson},
  title = {Introduction and Heritage of NAVSTAR, the Global Positioning System, in Global Positioning System: Theory and Applications},
  editor = {B.W. Parkinson and J.J. Spilker and P. Axelrad and P. Enge},
  pages = {3--28},
  publisher = {American Institute of Aeronautics and Astronautics},
  year = {1996}}

@techreport{MellorTeller1996,
  author = {J. P. Mellor and Seth Teller and Tomas Lozano-Perez},
  title = {Dense Depth Maps from Epipolar Images},
  number = {AIM-1593},
  pages = {13},
  annote = {They define an epipolar image set, and construct dense depth maps while performing matching. Computationally intensive.},
  year = {1996}}

@article{Lawn1996,
  author = {Jonathan Lawn and Roberto Cipolla},
  title = {Reliable Extraction of the Camera Motion Using Constraints on the Epipole},
  journal = {European Conference on Computer Vision},
  volume = {II},
  pages = {161--173},
  annote = {Good feature-based direction-of-motion extraction with uncertainty calculation on a sphere},
  year = {1996}}

@inproceedings{Lohmiller1996,
  author = {Winfred Lohmiller and Jean-Jacques E. Slotine},
  title = {On Metric Observers for Nonlinear Systems},
  booktitle = {IEEE International Conference on Control Applications},
  address = {Dearborn, MI},
  month = {September},
  annote = {Observation of a nonlinear system through a metric defined in moving Euler coordinates.
  Separation of rotation and scale, which is related to contraction.},
  year = {1996}}

@article{McLauchlan1995,
  author = {P. McLauchlan and D. Murray},
  title = {A Unifying Framework for Structure and Motion Recovery From Image Sequences},
  journal = {International Conference on Computer Vision and Pattern Recognition},
  pages = {314--20},
  year = {1995}}

@article{Kim1995,
  author = {Myoung-Jun Kim and Myung-Soo Kim and Sung Yong Shin},
  title = {A General Construction Scheme for Unit Quaternion Curves with Simple High Order Derivatives},
  journal = {Computer Graphics},
  volume = {29, \protect{Annual Conference Series}},
  pages = {369--376},
  year = {1995}}

@book{Jain1995,
  author = {R. Jain and R. Kasturi and B.G. Schunck},
  title = {Machine Vision},
  publisher = {McGraw-Hill, Inc.},
  address = {New York, NY, USA},
  isbn = {0-07-032018-7},
  year = {1995}}

@inproceedings{Heyden1995,
  author = {Anders Heyden},
  title = {Reconstruction from Image Sequences by Means of Relative Depths},
  booktitle = {International Conference on Computer Vision},
  pages = {1058--1063},
  year = {1995}}

@techreport{Mann1995,
  author = {S. Mann and R. Picard},
  title = {Video Orbits: Characterizing the Coordinate Transformation Between Two Images Using the Projective Group},
  number = {278, \protect{Perceptual Computing}},
  institution = {\protect{MIT Media Lab}},
  address = {Cambridge, MA},
  year = {1995}}

@article{Lewis1995,
  author = {J. P. Lewis},
  title = {Fast normalized cross-correlation},
  text = {J. P. Lewis. Fast normalized cross-correlation},
  journal = {Vision Interface},
  year = {1995}}

@article{Hart1994,
  author = {J. C. Hart and G. K. Francis and L. H. Kauffman},
  title = {Visualizing Quaternion Rotation},
  journal = {\protect{ACM} Transactions on Graphics},
  volume = {4},
  pages = {256-276},
  year = {1994}}

@article{Kumar1994,
  author = {Kumar, R. and Anandan, P. and Hanna, K.},
  title = {Direct Recovery Of Shape From Multiple Views: A Parallax Based Approach},
  journal = {International Conference on Pattern Recognition},
  volume = {A},
  pages = {685--688},
  year = {1994}}

@article{ShiTomasi1994,
  author = {Jianbo Shi and Carlo Tomasi},
  title = {Good Features to Track},
  journal = {IEEE Conference on Computer Vision and Pattern Recognition},
  month = {June},
  annote = {Justification for minimum eigenvalue feature tracking criteria},
  year = {1994}}

@article{Oren1994,
  author = {Michael Oren and Shree K. Nayar},
  title = {Seeing Beyond Lambert's Law},
  journal = {European Conference on Computer Vision},
  volume = {2},
  pages = {269--280},
  year = {1994}}

@inproceedings{Irani1994,
  author = {Irani, Michal and Rousso, Benny and Peleg, Shmuel},
  title = {Recovery of Ego-Motion Using Image Stabilization},
  booktitle = {International Computer Vision and Pattern Recognition Conference},
  month = {March},
  pages = {454--460},
  year = {1994}}

@article{Shuster1993,
  author = {Malcolm D. Shuster},
  title = {A Survey of Attitude Representations},
  journal = {The Journal of the Astronautical Sciences},
  volume = {41},
  number = {4},
  month = {October--December},
  pages = {439--517},
  year = {1993}}

@phdthesis{Shashua1992,
  author = {Amnon Shashua},
  title = {Geometry and Photometry in \protect{3D} Visual Recognition},
  school = {Massachusetts Institute of Technology},
  month = {November},
  annote = {Uses image formation analysis to improve affine and projective matching techniques by accounting for changes in illumination.},
  year = {1992}}

@article{Barron1992,
  author = {J. L. Barron and D. J. Fleet and S. S. Beauchemin and T. A. Burkitt},
  title = {Performance Of Optical Flow Techniques},
  journal = {Computer Vision and Pattern Recognition},
  pages = {236--242},
  year = {1992}}

@phdthesis{Freeman1992,
  author = {William Tafel Freeman},
  title = {Steerable Filters and Local Analysis of Image Structure},
  school = {Massachusetts Institute of Technology},
  month = {June},
  annote = {Discusses finite-support radial and circumferential basis masks for pattern recognition by convolution.},
  year = {1992}}

@book{Shah1992,
  author = {Mubarak Shah},
  title = {Fundamentals of Computer Vision},
  publisher = {University of Central Florida},
  pages = {95--96, 80--84},
  year = {1992}}

@techreport{Shashua1992,
  author = {Amnon Shashua},
  title = {Projective Structure from two Uncalibrated Images: Structure from Motion and Recognition},
  number = {AIM-1363},
  pages = {20},
  year = {1992}}

@inproceedings{Barr1992,
  author = {Alan H. Barr and Bena Currin and Steven Gabriel and John F. Hughes},
  title = {Smooth interpolation of orientations with velocity constraints using quaternions},
  editor = {Edwin E. Catmull},
  booktitle = {SIGGRAPH},
  volume = {26},
  pages = {313--320},
  month = {July},
  year = {1992}}

@article{Essen1992,
  author = {D.C. Van Essen and C.H. Anderson and D.J. Felleman},
  title = {Information Processing in the Primate Visual System: An Integrated Systems Perspective},
  journal = {Science},
  volume = {255},
  pages = {419--423},
  year = {1992}}

@article{Dickmans1992,
  author = {E. D. Dickmans and B. D. Mysliwetz},
  title = {Recursive \protect{3D} Road and Relative Ego-State Estimation},
  journal = {IEEE Transactions on Pattern Analysis and Machine Intelligence},
  volume = {14},
  number = {2},
  pages = {199--213},
  month = {February},
  year = {1992}}

@article{Shoemake1991,
  author = {Ken Shoemake},
  title = {Quaternion Calculus for Animation},
  journal = {Math for SIGGRAPH},
  address = {Las Vegas Convention Center},
  year = {1991}}

@techreport{Tomasi1991,
  author = {Carlo Tomasi and Takeo Kanade},
  title = {Detection and Tracking of Point Features},
  institution = {Carnegie Mellon University},
  number = {CMU-CS-91-132},
  month = {April},
  year = {1991}}

@techreport{Tomasi1990,
  author = {Carlo Tomasi and Takeo Kanade},
  title = {Shape and Motion Without Depth},
  institution = {Carnegie Mellon University},
  number = {CMU-CS-90-128},
  month = {May},
  year = {1990}}

@article{Irani1990,
  author = {M. Irani and S. Peleg},
  title = {Super Resolution From Image Sequences},
  journal = {International Conference on Pattern Recognition},
  volume = {C},
  number = {90},
  pages = {115--120},
  year = {1990}}

@inproceedings{Bergen1990,
  author = {J. Bergen and P. Bert and R. Hingorini and S. Peleg},
  title = {Computing two motions from three frames},
  booktitle = {Third International Conference on Computer Vision},
  pages = {27--32},
  month = {December},
  year = {1990}}

@book{Phadke1989,
  author = {M.S. Phadke},
  title = {Quality Engineering Using Robust Design},
  publisher = {Prentice Hall, NJ},
  month = {November},
  annote = {Author brings the experimental methods of Genichi Taguchi from Japan to the US.},
  year = {1989}}

@inproceedings{Dickmans1989,
  author = {E. D. Dickmans},
  month = {March},
  title = {Subject-Object Discrimination in \protect{4D} Dynamic Scene Interpretation for Machine Vision},
  booktitle = {IEEE Workshop on Visual Motion},
  pages = {298--304},
  year = {1989}}

@article{Baker1988,
  author = {H. H. Baker and R. C. Bolles},
  month = {June},
  title = {Generalizing Epipolar-Plane Image Analysis on the Spatiotemporal Surface},
  journal = {Computer Society Conference on Computer Vision and Pattern Recognition},
  pages = {2--9},
  annote = {Tracking the evolution of curves through an image volume. Fast implementation.
  At the time, the camera was constrained to pure linear motion, but the curve tracking did not depend on this.},
  year = {1988}}

@article{Harris1988,
  author = {C. Harris and M. Stephens},
  title = {A combined corner and edge detector},
  journal = {Fourth Alvey Vision Conference},
  pages = {147–-151},
  year = {1988}}

@book{Hughes1986,
  author = {P.C. Hughes},
  title = {Spacecraft Attitude Dynamics},
  publisher = {Wiley, NY},
  year = {1986}}

@article{Shoemake1985,
  author = {Ken Shoemake},
  title = {Animating Rotations with Quaternion Curves},
  journal = {SIGGRAPH},
  editor = {Brian A. Barsky},
  volume = {19},
  pages = {245--254},
  month = {July},
  year = {1985}}

@inproceedings{Lucas1981,
  author = {B. D. Lucas and T. Kanade},
  title = {An Iterative Image Registration Technique with an Application to Stereo Vision},
  booktitle = {7th International Joint Conference on Artificial Intelligence},
  year = {1981}}

@article{Horn1981,
  author = {B. Horn and B. Schunk},
  title = {Determining Optical Flow},
  journal = {Artificial Intelligence},
  year = {1981}}

@article{LonguetHiggins1981,
  author = {H. C. Longuet-Higgins},
  title = {A Computer Algorithm for Reconstructing a Scene from Two Projections},
  journal = {Nature},
  volume = {293},
  pages = {133--135},
  year = {1981}}

@article{Otsu1979,
  author = {N. Otsu},
  title = {A Threshold Selection Method from Gray-Level Histograms},
  journal = {IEEE Transactions on Systems, Man, and Cybernetics},
  volume = {9},
  number = {1},
  pages = {62--66},
  year = {1979}}

@article{Land1971,
  author = {E. H. Land and J. J. McCann},
  title = {Lightness and \protect{RETINEX} theory},
  journal = {Journal of the Optical Society of America},
  volume = {61},
  pages = {1--11},
  year = {1971}}

@article{Hubel1968,
  author = {D. H. Hubel and T. N. Wiesel},
  title = {Receptive fields and functional architecture of monkey striate cortex},
  journal = {Journal of Psychology},
  volume = {160},
  pages = {106--154},
  year = {1968}}

@book{Hamilton1967,
  author = {W. R. Hamilton},
  title = {The Mathematical Papers of Sir William Rowan Hamilton},
  publisher = {Cambridge University Press},
  address = {Cambridge, England},
  year = {1967}}

@article{Kalman1960,
  author = {Rudolph Emil Kalman},
  title = {A New Approach to Linear Filtering and Prediction Problems},
  journal = {Transactions of the ASME--Journal of Basic Engineering},
  volume = {82, Series D},
  pages = {35--45},
  year = {1960}}
